@inproceedings{assumpccao2022delator,
  title={Delator: Money laundering detection via multi-task learning on large transaction graphs},
  author={Assump{\c{c}}{\~a}o, Henrique S and Souza, Fabr{\'\i}cio and Campos, Leandro Lacerda and de Castro Pires, Vin{\'\i}cius T and de Almeida, Paulo M Laurentys and Murai, Fabricio},
  booktitle={2022 IEEE International Conference on Big Data (Big Data)},
  pages={709--714},
  year={2022},
  organization={IEEE}
}

@inproceedings{branco2020interleaved,
  title={Interleaved sequence RNNs for fraud detection},
  author={Branco, Bernardo and Abreu, Pedro and Gomes, Ana Sofia and Almeida, Mariana SC and Ascens{\~a}o, Jo{\~a}o Tiago and Bizarro, Pedro},
  booktitle={Proceedings of the 26th ACM SIGKDD international conference on knowledge discovery \& data mining},
  pages={3101--3109},
  year={2020}
}


@article{rzayevacombination,
  title={A Combination of K-Nearest Neighbor and Deep Neural Networks for Credit Card Fraud Detection},
  author={Rzayeva, Dinara and Malekzadeh, Saber}
}

@article{tian2023transaction,
  title={Transaction Fraud Detection via an Adaptive Graph Neural Network},
  author={Tian, Yue and Liu, Guanjun and Wang, Jiacun and Zhou, Mengchu},
  journal={arXiv preprint arXiv:2307.05633},
  year={2023}
}

@article{alotibi2022money,
  title={Money Laundering Detection using Machine Learning and Deep Learning},
  author={Alotibi, Johrha and Almutanni, Badriah and Alsubait, Tahani and Alhakami, Hosam and Baz, Abdullah},
  journal={International Journal of Advanced Computer Science and Applications},
  volume={13},
  number={10},
  year={2022},
  publisher={Science and Information (SAI) Organization Limited}
}


%%% libros
@book {GraphsEverywhereMLyGrafos, 
    title={ML y Grafos},
    autor={Graphs Everywhere}
}

 @book {GraphsEverywhereMateriaOscura, 
    title={Las relaciones, la "Materia Oscura" de sus Datos},
    autor={Graphs Everywhere}
}

 @book {GraphsEverywhereNeo4j, 
    title={Como usar Neo4j en la Prevenci√≥n del Blanqueo de Capitales},
    autor={Graphs Everywhere}
}

